@article{murphy2012we,
  title={How we refactor, and how we know it},
  author={Murphy-Hill, Emerson and Parnin, Chris and Black, Andrew P},
  journal={IEEE Transactions on Software Engineering},
  volume={38},
  number={1},
  pages={5--18},
  year={2012},
  publisher={IEEE},
  url={http://ieeexplore.ieee.org/document/6112738/}
}

@article{stolee2014solving,
  title={Solving the search for source code},
  author={Stolee, Kathryn T and Elbaum, Sebastian and Dobos, Daniel},
  journal={ACM Transactions on Software Engineering and Methodology (TOSEM)},
  volume={23},
  number={3},
  pages={26},
  year={2014},
  publisher={ACM},
  url={https://dl.acm.org/citation.cfm?id=2581377}
}

@inproceedings{reiss2009semantics,
  title={Semantics-based code search},
  author={Reiss, Steven P},
  booktitle={Proceedings of the 31st International Conference on Software Engineering},
  pages={243--253},
  year={2009},
  organization={IEEE Computer Society},
  url={https://dl.acm.org/citation.cfm?id=1555040}
}

@article{mens2004survey,
  title={A survey of software refactoring},
  author={Mens, Tom and Tourw{\'e}, Tom},
  journal={IEEE Transactions on software engineering},
  volume={30},
  number={2},
  pages={126--139},
  year={2004},
  publisher={IEEE},
  url={http://ieeexplore.ieee.org/document/1265817/}
}

@online{wikipediacoderefactoring,
  author={Wikipedia},
  title={Code refactoring - Wikipedia},
  date={2017},
  url={https://en.wikipedia.org/wiki/Code\_refactoring}
}

@online{wikipediaparsing,
  author={Wikipedia},
  title={Parsing - Wikipedia},
  date={2017},
  url={https://en.wikipedia.org/wiki/Parsing}
}

@online{wikipediavisitorpattern,
  author={Wikipedia},
  title={Visitor pattern - Wikipedia},
  date={2017},
  url={https://en.wikipedia.org/wiki/Visitor\_pattern}
}

@online{wikipediaantlr,
  author={Wikipedia},
  title={ANTLR - Wikipedia},
  date={2017},
  url={https://en.wikipedia.org/wiki/ANTLR}
}

@online{wikipediacompilercompiler,
  author={Wikipedia},
  title={Compiler-compiler - Wikipedia},
  date={2017},
  url={https://en.wikipedia.org/wiki/Compiler-compiler}
}

@online{wikipediasemanticsearch,
  author={Wikipedia},
  title={Semantic search - Wikipedia},
  date={2017},
  url={https://en.wikipedia.org/wiki/Semantic\_search}
}

@online{mavenvsgradle,
  author={Gradle},
  title={Gradle | Gradle vs Maven Comparison},
  date={2018},
  url={https://gradle.org/maven-vs-gradle/}
}

@online{drdobbswhyusegradle,
  author={Benjamin Muschko},
  title={Why Build Your Java Projects with Gradle Rather than Ant or Maven? | Dr Dobb's},
  date={2014},
  url={http://www.drdobbs.com/jvm/why-build-your-java-projects-with-gradle/240168608}
}
